<collection xmlns="http://www.loc.gov/MARC21/slim">
<record>
  <leader>01180nam0a2200277 i 450 </leader>
  <controlfield tag="001">IT\ICCU\CNCE\017962</controlfield>
  <controlfield tag="005">20070717000000.0</controlfield>
  <datafield tag="012" ind1=" " ind2=" ">
    <subfield code="a">teat etri e-n- ino- (C) 1520 (Q)</subfield>
    <subfield code="2">fei</subfield>
  </datafield>
  <datafield tag="100" ind1=" " ind2=" ">
    <subfield code="a">19970101f1520        0itac0103    ba</subfield>
  </datafield>
  <datafield tag="101" ind1=" " ind2=" ">
    <subfield code="a">LAT</subfield>
  </datafield>
  <datafield tag="102" ind1=" " ind2=" ">
    <subfield code="a">IT</subfield>
  </datafield>
  <datafield tag="200" ind1="1" ind2=" ">
    <subfield code="a">Sermo extemporarius Eckii de III Dominica aduentus</subfield>
  </datafield>
  <datafield tag="210" ind1=" " ind2=" ">
    <subfield code="d">\Circa 1520!</subfield>
  </datafield>
  <datafield tag="215" ind1=" " ind2=" ">
    <subfield code="a">\8! c.</subfield>
    <subfield code="d">4ʻ</subfield>
  </datafield>
  <datafield tag="300" ind1=" " ind2=" ">
    <subfield code="a">Stampata a Roma da Giacomo Mazzocchi; per il tipografo e la data cfr.: F. Ascarelli, Annali tipografici di Giacomo Mazzocchi, n. 135</subfield>
  </datafield>
  <datafield tag="620" ind1=" " ind2=" ">
    <subfield code="a">IT</subfield>
    <subfield code="d">Roma</subfield>
  </datafield>
  <datafield tag="700" ind1=" " ind2="1">
    <subfield code="a">Eck,</subfield>
    <subfield code="b">Johann</subfield>
    <subfield code="3">IT\ICCU\CNCA\005047</subfield>
  </datafield>
  <datafield tag="712" ind1="0" ind2="0">
    <subfield code="a">Mazzocchi, Giacomo</subfield>
    <subfield code="3">IT\ICCU\CNCT\000067</subfield>
    <subfield code="4">650</subfield>
  </datafield>
  <datafield tag="790" ind1=" " ind2="1">
    <subfield code="a">Mayer,</subfield>
    <subfield code="b">Johann</subfield>
    <subfield code="3">IT\ICCU\CNCA\013931</subfield>
    <subfield code="z">Eck, Johann</subfield>
  </datafield>
  <datafield tag="790" ind1=" " ind2="1">
    <subfield code="a">Echius,</subfield>
    <subfield code="b">Ioannes</subfield>
    <subfield code="3">IT\ICCU\CNCA\016441</subfield>
    <subfield code="z">Eck, Johann</subfield>
  </datafield>
  <datafield tag="791" ind1="0" ind2="0">
    <subfield code="a">Mazochius, Iacobus</subfield>
    <subfield code="3">IT\ICCU\CNCT\003989</subfield>
    <subfield code="z">Mazzocchi, Giacomo</subfield>
  </datafield>
  <datafield tag="791" ind1="0" ind2="0">
    <subfield code="a">Mazochis, Iacobus de</subfield>
    <subfield code="3">IT\ICCU\CNCT\005139</subfield>
    <subfield code="z">Mazzocchi, Giacomo</subfield>
  </datafield>
  <datafield tag="791" ind1="0" ind2="0">
    <subfield code="a">Mazocchius, Iacobus</subfield>
    <subfield code="3">IT\ICCU\CNCT\005140</subfield>
    <subfield code="z">Mazzocchi, Giacomo</subfield>
  </datafield>
  <datafield tag="801" ind1=" " ind2="3">
    <subfield code="a">IT</subfield>
    <subfield code="b">ICCU</subfield>
    <subfield code="c">20201114</subfield>
  </datafield>
  <datafield tag="899" ind1=" " ind2=" ">
    <subfield code="a">Biblioteca nazionale Vittorio Emanuele III. Napoli</subfield>
    <subfield code="1">NA0079</subfield>
    <subfield code="2">NAP BN</subfield>
  </datafield>
  <datafield tag="899" ind1=" " ind2=" ">
    <subfield code="a">Biblioteca Angelica. Roma</subfield>
    <subfield code="1">RM0290</subfield>
    <subfield code="2">RML 06</subfield>
  </datafield>
</record>
</collection>
